<record><leader>00000cas a22000007a 4500</leader><controlfield tag="001">10666192</controlfield><controlfield tag="008">840426d18831884wiuwr ne      0   a0eng d</controlfield><datafield ind1=" " ind2=" " tag="010"><subfield code="a">sn 84024384 </subfield></datafield><datafield ind1=" " ind2=" " tag="040"><subfield code="a">NPV</subfield><subfield code="b">eng</subfield><subfield code="c">NPV</subfield><subfield code="d">OCLCQ</subfield></datafield><datafield ind1=" " ind2=" " tag="042"><subfield code="a">msc</subfield></datafield><datafield ind1="0" ind2=" " tag="130"><subfield code="a">People's champion (Ellsworth, Wis. : 1883)</subfield></datafield><datafield ind1="1" ind2="0" tag="245"><subfield code="a">People's champion.</subfield></datafield><datafield ind1=" " ind2=" " tag="260"><subfield code="a">Ellsworth, Wis. :</subfield><subfield code="b">M.B. Kimball</subfield></datafield><datafield ind1=" " ind2=" " tag="300"><subfield code="a">v. :</subfield><subfield code="b">ill. (chiefly advertisements)</subfield></datafield><datafield ind1=" " ind2=" " tag="310"><subfield code="a">Weekly</subfield></datafield><datafield ind1="1" ind2=" " tag="362"><subfield code="a">Began in 1883; ceased in 1884?</subfield><subfield code="z">Cf. Oehlerts, d. E. Guide to Wis. newspapers.</subfield></datafield><datafield ind1=" " ind2=" " tag="588"><subfield code="a">Description based on: Vol. 1, no. 2 (Oct. 12, 1883).</subfield></datafield><datafield ind1=" " ind2=" " tag="752"><subfield code="a">United States</subfield><subfield code="b">Wisconsin</subfield><subfield code="c">Pierce</subfield><subfield code="d">Ellsworth.</subfield></datafield></record>